<?xml version="1.0" encoding="UTF-8"?><collection xmlns="http://www.loc.gov/MARC21/slim"><record><leader>00537nam--2200181-i-4500</leader><controlfield tag="001">000006032</controlfield><controlfield tag="002">20161230</controlfield><controlfield tag="005">20170108172326</controlfield><controlfield tag="008">060222s1000------------r-----000-0-eng-d</controlfield><datafield ind1=" " ind2=" " tag="080"><subfield code="a">546.791</subfield></datafield><datafield ind1=" " ind2=" " tag="100"><subfield code="a">Abati, Anca R</subfield></datafield><datafield ind1=" " ind2=" " tag="245"><subfield code="a">Reduccion del tetrafluoruro de uranio en bomba cerrada. Part.II: Influencia de elementos de adicion en la reduccion</subfield></datafield><datafield ind1=" " ind2=" " tag="260"><subfield code="a">Madrid</subfield><subfield code="b">Junta De Energia Nuclear</subfield><subfield code="c">1962</subfield></datafield><datafield ind1=" " ind2=" " tag="300"><subfield code="a">24 p</subfield></datafield><datafield ind1=" " ind2=" " tag="490"><subfield code="a">104-dme/I-10</subfield></datafield><datafield ind1=" " ind2=" " tag="700"><subfield code="a">Y Rodriguez, Lopez R</subfield></datafield><datafield ind1=" " ind2=" " tag="852"><subfield code="a">13754</subfield></datafield><datafield ind1=" " ind2=" " tag="CAT"><subfield code="a">SYS</subfield><subfield code="c">20170108</subfield><subfield code="h">172326</subfield></datafield></record></collection>